<record><leader>00000cas a2200000 a 4500</leader><controlfield tag="001">34007103</controlfield><controlfield tag="008">960109d19681977miudn ne      0    0eng c</controlfield><datafield ind1=" " ind2=" " tag="010"><subfield code="a">sn 95077616 </subfield></datafield><datafield ind1=" " ind2=" " tag="040"><subfield code="a">MHN</subfield><subfield code="b">eng</subfield><subfield code="c">MHN</subfield><subfield code="d">OCL</subfield><subfield code="d">OCLCQ</subfield><subfield code="d">OCLCF</subfield><subfield code="d">OCLCO</subfield></datafield><datafield ind1="1" ind2=" " tag="029"><subfield code="a">AU@</subfield><subfield code="b">000012146911</subfield></datafield><datafield ind1=" " ind2=" " tag="042"><subfield code="a">pcc</subfield></datafield><datafield ind1=" " ind2=" " tag="043"><subfield code="a">n-us-mi</subfield></datafield><datafield ind1="0" ind2="0" tag="245"><subfield code="a">Daily record-leader.</subfield></datafield><datafield ind1="1" ind2="7" tag="246"><subfield code="a">Record-leader</subfield></datafield><datafield ind1=" " ind2=" " tag="260"><subfield code="a">Alma, Mich. :</subfield><subfield code="b">Panax Corp.</subfield></datafield><datafield ind1=" " ind2=" " tag="300"><subfield code="a">v.</subfield></datafield><datafield ind1=" " ind2=" " tag="310"><subfield code="a">Daily (except Sat., Sun., Wed., and legal holidays)</subfield></datafield><datafield ind1="0" ind2=" " tag="362"><subfield code="a">Vol. 89, no. 1 (Mar. 4, 1968)-v. 90, no. 240 (Jan. 4, 1974) ; Jan. 7, 1974-Mar. 4, 1977.</subfield></datafield><datafield ind1=" " ind2="0" tag="651"><subfield code="a">Alma (Mich.)</subfield><subfield code="v">Newspapers.</subfield></datafield><datafield ind1=" " ind2="0" tag="651"><subfield code="a">Gratiot County (Mich.)</subfield><subfield code="v">Newspapers.</subfield></datafield><datafield ind1=" " ind2="7" tag="655"><subfield code="a">Newspapers.</subfield><subfield code="2">fast</subfield><subfield code="0">(OCoLC)fst01423814</subfield></datafield><datafield ind1=" " ind2="7" tag="651"><subfield code="a">Michigan</subfield><subfield code="z">Alma.</subfield><subfield code="2">fast</subfield><subfield code="0">(OCoLC)fst01219903</subfield></datafield><datafield ind1=" " ind2="7" tag="651"><subfield code="a">Michigan</subfield><subfield code="z">Gratiot County.</subfield><subfield code="2">fast</subfield><subfield code="0">(OCoLC)fst01206847</subfield></datafield><datafield ind1=" " ind2=" " tag="752"><subfield code="a">United States</subfield><subfield code="b">Michigan</subfield><subfield code="c">Gratiot</subfield><subfield code="d">Alma.</subfield></datafield><datafield ind1="0" ind2="0" tag="780"><subfield code="t">Record-leader</subfield><subfield code="w">(DLC)sn 95077615</subfield><subfield code="w">(OCoLC)34007155</subfield></datafield><datafield ind1="0" ind2="0" tag="785"><subfield code="t">Morning sun (Mount Pleasant, Mich.)</subfield><subfield code="w">(DLC)sn 89080039</subfield><subfield code="w">(OCoLC)22378715</subfield></datafield></record>